@inproceedings{livshits_01,
 author = {Livshits, Benjamin and Zimmermann, Thomas},
 title = {DynaMine: Finding Common Error Patterns by Mining Software Revision Histories},
 booktitle = {Proceedings of the 10th European Software Engineering Conference Held Jointly with 13th ACM SIGSOFT International Symposium on Foundations of Software Engineering},
 series = {ESEC/FSE-13},
 year = {2005},
 isbn = {1-59593-014-0},
 location = {Lisbon, Portugal},
 pages = {296--305},
 numpages = {10},
 url = {http://doi.acm.org/10.1145/1081706.1081754},
 doi = {10.1145/1081706.1081754},
 acmid = {1081754},
 publisher = {ACM},
 address = {New York, NY, USA},
 keywords = {coding patterns, data mining, dynamic analysis, error patterns, one-line check-ins, revision histories, software bugs},
}

@article{leveson_01,
 author = {Leveson, Nancy G.},
 title = {Software Engineering: Stretching the Limits of Complexity},
 journal = {Commun. ACM},
 issue_date = {Feb. 1997},
 volume = {40},
 number = {2},
 month = feb,
 year = {1997},
 issn = {0001-0782},
 pages = {129--131},
 numpages = {3},
 url = {http://doi.acm.org/10.1145/253671.253754},
 doi = {10.1145/253671.253754},
 acmid = {253754},
 publisher = {ACM},
 address = {New York, NY, USA},
}

@inproceedings{smidts_01,
  title={A stochastic model of human errors in software development: impact of repair times},
  author={Smidts, Carol},
  booktitle={Software Reliability Engineering, 1999. Proceedings. 10th International Symposium on},
  pages={94--103},
  year={1999},
  organization={IEEE}
}

@article{nakajo_01,
  title={A case history analysis of software error cause-effect relationships},
  author={Nakajo, Takeshi and Kume, Hitoshi},
  journal={Software Engineering, IEEE Transactions on},
  volume={17},
  number={8},
  pages={830--838},
  year={1991},
  publisher={IEEE}
}

@phdthesis{sinha_01,
  title={Using diagrammatic explorations to understand code},
  author={Sinha, Vineet},
  year={2008},
  school={Massachusetts Institute of Technology}
}

@article{boehm_01,
  title={Software defect reduction top 10 list},
  author={Boehm, Barry and Basili, Victor R},
  journal={Foundations of empirical software engineering: the legacy of Victor R. Basili},
  pages={426},
  year={2005}
}

@article{boysen_01,
  title={Automatically generating consistent graphical user interfaces using a parser generator},
  author={Boysen, Kristina P and Leavens, Gary T},
  year={2005}
}

@inproceedings{groher_01,
  title={Generating aspect code from UML models},
  author={Groher, Iris and Schulze, Stefan},
  booktitle={The 4th AOSD Modeling With UML Workshop},
  year={2003}
}

@article{brooker_01,
  title={The compiler compiler},
  author={Brooker, RA and MacCallum, IR and Morris, Derrick and Rohl, JS},
  journal={Annual review in automatic programming},
  volume={3},
  pages={229--275},
  year={1963},
  publisher={Pergamon}
}

%Number 10
@book{johnson_01,
  title={Yacc: Yet another compiler-compiler},
  author={Johnson, Stephen C},
  volume={32},
  year={1975},
  publisher={Bell Laboratories Murray Hill, NJ}
}

@article{demetrescu_01,
  title={Reactive imperative programming with dataflow constraints},
  author={Demetrescu, Camil and Finocchi, Irene and Ribichini, Andrea},
  journal={ACM SIGPLAN Notices},
  volume={46},
  number={10},
  pages={407--426},
  year={2011},
  publisher={ACM}
}

@inproceedings{lloyd_01,
  title={Practical advantages of declarative programming},
  author={Lloyd, John W},
  booktitle={Joint Conference on Declarative Programming, GULP-PRODE},
  volume={94},
  pages={94},
  year={1994}
}

@inproceedings{gifford_01,
 author = {Gifford, David K. and Lucassen, John M.},
 title = {Integrating Functional and Imperative Programming},
 booktitle = {Proceedings of the 1986 ACM Conference on LISP and Functional Programming},
 series = {LFP '86},
 year = {1986},
 isbn = {0-89791-200-4},
 location = {Cambridge, Massachusetts, USA},
 pages = {28--38},
 numpages = {11},
 url = {http://doi.acm.org/10.1145/319838.319848},
 doi = {10.1145/319838.319848},
 acmid = {319848},
 publisher = {ACM},
 address = {New York, NY, USA},
}

@misc{lesk_01,
  title={Lex: A lexical analyzer generator},
  author={Lesk, Michael E and Schmidt, Eric},
  year={1975},
  publisher={Bell Laboratories Murray Hill, NJ}
}

@article{niemann_01,
  title={LEX \& YACC TUTORIAL},
  author={Niemann, Tom},
  url = {http://epaperpress.com/lexandyacc}
}

%Number 16
@article{spinellis_01,
  title={Another level of indirection},
  author={Spinellis, Diomidis},
  journal={Beautiful code: leading programmers explain how they think},
  pages={279--291},
  year={2007},
  publisher={O’Reilly and Associates}
}

@article{aycock_01,
  title={Why Bison is becoming extinct},
  author={Aycock, John},
  journal={Crossroads},
  volume={7},
  number={5},
  pages={3--3},
  year={2001},
  publisher={ACM}
}

@article{demaille_01,
  title={Bison - GNU parser generator},
  author={Demaille, Akim and Denny, Joel E and Eggert, Paul},
  url = {http://www.gnu.org/software/bison},
  year = {2012}
}

%Number 19
@article{parr_01,
  title={ANTLR: A predicated-LL (k) parser generator},
  author={Parr, Terence J. and Quong, Russell W.},
  journal={Software: Practice and Experience},
  volume={25},
  number={7},
  pages={789--810},
  year={1995},
  publisher={Wiley Online Library}
}

@inproceedings{chen_01,
  title={Full LR (1) parser generator Hyacc and study on the performance of LR (1) algorithms},
  author={Chen, Xin and Pager, David},
  booktitle={Proceedings of The Fourth International C* Conference on Computer Science and Software Engineering},
  pages={83--92},
  year={2011},
  organization={ACM}
}

@article{chen_02,
  title={Tutorial: LR(1) Parser Generator HYACC},
  author={Chen, Xin},
  url = {http://www2.hawaii.edu/~chenx/hyacc_tut},
  year = {2014}
}

%Number 22
@article{free_01,
  title={5.6 Reduce/Reduce Conflicts},
  author={{Free Software Foundation, Inc.}},
  url = {http://www.gnu.org/software/bison/manual/html_node/Reduce_002fReduce.html},
  year = {2014}
}

@misc{2500c_01,
  title={DEPARTMENT OF DEFENSE INTERFACE STANDARD NATIONAL IMAGERY TRANSMISSION FORMAT VERSION 2.1 FOR THE NATIONAL IMAGERY TRANSMISSION FORMAT STANDARD},
  author={{The NITFS Technical Board (NTB)}},
  url={http://www.gwg.nga.mil/ntb/baseline/docs/2500c},
  year={2006},
  month={October},
  day={1}
}

@misc{gwg_01,
  title={Geopspatial Intelligence Statndards Working Group},
  author={{Geopspatial Intelligence Statndards Working Group}},
  url={http://www.gwg.nga.mil/ntb/baseline/docs/2500c},
  year={2015}
}

%Number 25
@misc{use001_01,
  title={Commercial Support Data Extensions (CSDE) VERSION 1.0},
  booktitle={The Compendium of Controlled Extensions (CE) for the National Imagery Transmission Format (NITF) Volume 1, Tagged Record Extensions APPENDIX D},
  volume={1},
  author={{The NITFS Technical Board (NTB)}},
  year={2011},
  month={August},
  day={1}
}

%Number 26
@online{sdl_01,
  title={C4ISR Deployed Programs},
  author={{Space Dynamics Laboratory}},
  url={www.sdl.usu.edu/capabilities/c4isr},
  year={2015},
  publisher={Space Dynamics Laboratory},
  edition={SDL/11-452B},
  city={North Logan},
  state={Utah},
  country={United States of America}
}

@online{bae_01,
  title={SOCET Services},
  author={{BAE Systems}},
  url={http://www.geospatialexploitationproducts.com/content/products/socet-services},
  year={2010},
  month={March}
}

%Number 28
@article{kennard_01,
  title={Application of software mining to automatic user interface generation},
  author={Richard, Kennard and Robert, Steele},
  year={2008},
  publisher={IOS Press}
}

@article{kennard_02,
  title={Towards a general purpose architecture for UI generation},
  author={Kennard, Richard and Leaney, John},
  journal={Journal of Systems and Software},
  volume={83},
  number={10},
  pages={1896--1906},
  year={2010},
  publisher={Elsevier}
}

%Number 30
@article{lee_01,
  title={Principles and methods of testing finite state machines-a survey},
  author={Lee, David and Yannakakis, Mihalis},
  journal={Proceedings of the IEEE},
  volume={84},
  number={8},
  pages={1090--1123},
  year={1996},
  publisher={IEEE}
}

@incollection{kahlon_01,
  title={Reasoning About Threads Communicating via Locks},
  year={2005},
  isbn={978-3-540-27231-1},  
booktitle={Computer Aided Verification},  
volume={3576},  
series={Lecture Notes in Computer Science},  
editor={Etessami, Kousha and Rajamani, SriramK.},
  doi={10.1007/11513988_49},
  url={http://dx.doi.org/10.1007/11513988_49},
  publisher={Springer Berlin Heidelberg},  
author={Kahlon, Vineet and Ivančić, Franjo and Gupta, Aarti},
  pages={505-518}
}

%Number 32
@inproceedings{kepser_01,
  title={A Simple Proof for the Turing-Completeness of XSLT and XQuery.},
  author={Kepser, Stephan},
  booktitle={Extreme Markup Languages{\textregistered}},
  year={2004},
  organization={Citeseer}
}

@inproceedings{moore_01,
 author = {Moore, E. F.},
 title = {A Simplified Universal Turing Machine},
 booktitle = {Proceedings of the 1952 ACM National Meeting (Toronto)},
 series = {ACM '52},
 year = {1952},
 location = {Toronto, Ontario, Canada},
 pages = {50--54},
 numpages = {5},
 url = {http://doi.acm.org/10.1145/800259.808993},
 doi = {10.1145/800259.808993},
 acmid = {808993},
 publisher = {ACM},
 address = {New York, NY, USA},
}

%Number 34
@article{rogozhin_01,
  title={Small universal Turing machines},
  author={Rogozhin, Yurii},
  journal={Theoretical Computer Science},
  volume={168},
  number={2},
  pages={215--240},
  year={1996},
  publisher={Elsevier}
}

@article{shannon_01,
  title={A universal Turing machine with two internal states},
  author={Shannon, Claude E},
  journal={Automata studies},
  volume={34},
  pages={157--165},
  year={1957}
}

%Number 36
@phdthesis{neary_01,
  title={Small universal Turing machines},
  author={Neary, Turlough},
  year={2008},
  school={Citeseer}
}

@article{kumar_01,
  title={Turing Machine Operation-A Checks and Balances Model},
  author={Kumar, KN Prasanna and Kiranagi, BS and Bagewadi, CS},
  year={2012}
}

@incollection{quesada_01,
  title={A language specification tool for model-based parsing},
  author={Quesada, Luis and Berzal, Fernando and Cubero, Juan-Carlos},
  booktitle={Intelligent Data Engineering and Automated Learning-IDEAL 2011},
  pages={50--57},
  year={2011},
  publisher={Springer}
}

@article{quesada_02,
  title={A model-driven parser generator, from abstract syntax trees to abstract syntax graphs},
  author={Quesada, Luis and Berzal, Fernando and Cubero, Juan-Carlos},
  journal={arXiv preprint arXiv:1202.6593},
  year={2012}
}

@online{modelcc_01,
  title={ModelCC},
  author={{The ModelCC Development Team}},
  url={http://www.modelcc.org},
  year={2015}
}

@online{optimizations_01,
  title={Compiler Optimizations},
  author={{Nullstone Corporation}},
  url={http://www.compileroptimizations.com},
  year={2012}
}

@inproceedings{cardoso_01,
  title={A discourse on complexity of process models},
  author={Cardoso, Jorge and Mendling, Jan and Neumann, Gustaf and Reijers, Hajo A},
  booktitle={Business process management workshops},
  pages={117--128},
  year={2006},
  organization={Springer}
}

@inproceedings{zhang_01,
  title={Predicting defective software components from code complexity measures},
  author={Zhang, Hongyu and Zhang, Xiuzhen and Gu, Ming},
  booktitle={Dependable Computing, 2007. PRDC 2007. 13th Pacific Rim International Symposium on},
  pages={93--96},
  year={2007},
  organization={IEEE}
}

@online{lizard_01,
  title={Lizard code complexity analyzer},
  author={Xie, Jason},
  url={http://www.lizard.ws},
  year={2015}
}

@online{linuxJournal_01,
  title={Programming Tools: Code Complexity Metrics},
  author={Reg. Charney},
  url={http://www.linuxjournal.com/article/8035},
  month={January},
  day={13},
  year={2005}
}
